<record><leader>00000cas a22000007a 4500</leader><controlfield tag="001">26725245</controlfield><controlfield tag="008">921005d18241826nyuuu ne      0    0eng d</controlfield><datafield ind1=" " ind2=" " tag="010"><subfield code="a">sn 92062118 </subfield></datafield><datafield ind1=" " ind2=" " tag="040"><subfield code="a">NYS</subfield><subfield code="b">eng</subfield><subfield code="c">NYS</subfield><subfield code="d">OCL</subfield><subfield code="d">OCLCQ</subfield><subfield code="d">OCLCF</subfield><subfield code="d">OCLCO</subfield></datafield><datafield ind1="1" ind2=" " tag="029"><subfield code="a">AU@</subfield><subfield code="b">000020126266</subfield></datafield><datafield ind1=" " ind2=" " tag="042"><subfield code="a">msc</subfield></datafield><datafield ind1=" " ind2=" " tag="043"><subfield code="a">n-us-ny</subfield></datafield><datafield ind1="0" ind2=" " tag="130"><subfield code="a">People's gazette (Forestville, N.Y.)</subfield></datafield><datafield ind1="1" ind2="0" tag="245"><subfield code="a">People's gazette.</subfield></datafield><datafield ind1=" " ind2=" " tag="260"><subfield code="a">Forestville, N.Y. :</subfield><subfield code="b">Wm. S. Snow</subfield></datafield><datafield ind1=" " ind2=" " tag="300"><subfield code="a">v.</subfield></datafield><datafield ind1="1" ind2=" " tag="362"><subfield code="a">Began in 1824? Ceased in 1826?</subfield><subfield code="z">Cf. Gregory, W. Amer. newspapers.</subfield></datafield><datafield ind1=" " ind2=" " tag="580"><subfield code="a">Merged with: Chautauque gazette, and: Chautauque advertiser, to form: Fredonia gazette and Chautauque advertiser.</subfield></datafield><datafield ind1=" " ind2=" " tag="588"><subfield code="a">Description based on: Vol. 1, no. 44 (June 13, 1825).</subfield></datafield><datafield ind1=" " ind2="0" tag="651"><subfield code="a">Forestville (N.Y.)</subfield><subfield code="v">Newspapers.</subfield></datafield><datafield ind1=" " ind2="7" tag="655"><subfield code="a">Newspapers.</subfield><subfield code="2">fast</subfield><subfield code="0">(OCoLC)fst01423814</subfield></datafield><datafield ind1=" " ind2="7" tag="651"><subfield code="a">New York (State)</subfield><subfield code="z">Forestville.</subfield><subfield code="2">fast</subfield><subfield code="0">(OCoLC)fst01212463</subfield></datafield><datafield ind1=" " ind2=" " tag="752"><subfield code="a">United States</subfield><subfield code="b">New York</subfield><subfield code="c">Chautauqua</subfield><subfield code="d">Forestville.</subfield></datafield><datafield ind1="1" ind2="7" tag="785"><subfield code="t">Chautauque gazette</subfield><subfield code="w">(DLC)sn 85025389</subfield></datafield><datafield ind1="1" ind2="7" tag="785"><subfield code="t">Chautauque advertiser</subfield><subfield code="w">(DLC)sn 83033125</subfield></datafield><datafield ind1="1" ind2="7" tag="785"><subfield code="t">Fredonia gazette and Chautauque advertiser</subfield><subfield code="w">(DLC)sn 83031126</subfield></datafield></record>